<record><leader>00000cas a22000007a 4500</leader><controlfield tag="001">11855220</controlfield><controlfield tag="008">850327d187u1888nyudn ne      0    0eng d</controlfield><datafield ind1=" " ind2=" " tag="010"><subfield code="a">sn 85025688 </subfield></datafield><datafield ind1=" " ind2=" " tag="040"><subfield code="a">NPX</subfield><subfield code="b">eng</subfield><subfield code="c">NPX</subfield><subfield code="d">NPH</subfield><subfield code="d">NYS</subfield><subfield code="d">OCLCQ</subfield></datafield><datafield ind1=" " ind2=" " tag="042"><subfield code="a">msc</subfield></datafield><datafield ind1="0" ind2="0" tag="245"><subfield code="a">Port Jervis daily union.</subfield></datafield><datafield ind1="1" ind2="3" tag="246"><subfield code="a">Daily union</subfield></datafield><datafield ind1="1" ind2="3" tag="246"><subfield code="a">Port Jervis union</subfield></datafield><datafield ind1=" " ind2=" " tag="260"><subfield code="a">Port Jervis, N.Y. :</subfield><subfield code="b">Stephen St. John,</subfield><subfield code="c">-1888.</subfield></datafield><datafield ind1=" " ind2=" " tag="300"><subfield code="a">v. ;</subfield><subfield code="c">56 cm.</subfield></datafield><datafield ind1=" " ind2=" " tag="310"><subfield code="a">Daily (except Sunday)</subfield></datafield><datafield ind1="0" ind2=" " tag="362"><subfield code="a">-v. 16, no. 59 (Mar. 10, 1888).</subfield></datafield><datafield ind1=" " ind2=" " tag="500"><subfield code="a">Editor: Charles St. John, Jr., &lt;1876&gt;.</subfield></datafield><datafield ind1=" " ind2=" " tag="588"><subfield code="a">Description based on: Vol. 3, no. 90 (Aug. 4, 1876).</subfield></datafield><datafield ind1=" " ind2="4" tag="651"><subfield code="a">Port Jervis (N.Y.)</subfield><subfield code="v">Newspapers.</subfield></datafield><datafield ind1=" " ind2=" " tag="752"><subfield code="a">United States</subfield><subfield code="b">New York</subfield><subfield code="c">Orange</subfield><subfield code="d">Port Jervis.</subfield></datafield><datafield ind1="0" ind2=" " tag="775"><subfield code="t">Tri-states union</subfield><subfield code="w">(DLC)sn 83031675</subfield><subfield code="w">(OCoLC)9956757</subfield></datafield><datafield ind1="0" ind2="0" tag="780"><subfield code="t">Daily union (Port Jervis, N.Y.)</subfield><subfield code="w">(DLC)sn 91066980</subfield><subfield code="w">(OCoLC)24601169</subfield></datafield><datafield ind1="0" ind2="0" tag="785"><subfield code="t">Port Jervis union</subfield><subfield code="w">(DLC)sn 91066174</subfield><subfield code="w">(OCoLC)23102496</subfield></datafield></record>